

@misc{sql,
author = "Hwaci",
title = "Appropriate Uses for SQLite"
}

@book{UID,
author = "Lauesen, S.",
title = "User Interface Design",
year = "2005"
}

@book{heuristics,
author = "Nielsen, J.",
title = "Usability Inspection Methods",
year = "1994"
}

@book{interaction,
author = "Rogers,Y. and Sharp,H. and Preece, J.",
title = "Interaction Design: Beyond Human Computer Interaction",
year = "2004"
}


@book{PSD,
author = "Storer, T. and Singer, J.",
title = "Lecture Notes on Software Engineering",
year = "2014-2015"
}